@INPROCEEDINGS{hello,
   author = "Rob Pike and Ken Thompson",
   title = "{Hello World}",
   editor = "",
   booktitle = "Proc. of the Winter 1993 USENIX Conf."  ,
   number =  "",
   series = "",
   pages =  "43-50",
   month = "",
   year = 1993,
   address = "San Diego",
   organization = "",
   publisher = "",
   note = "",
}
@INPROCEEDINGS{8.5,
   author = "Rob Pike",
   title = "{8$1/2$, the Plan 9 Window System}",
   editor = "",
   booktitle = "Summer 1991 USENIX"  ,
   number =  "",
   series = "",
   pages =  "257-265 ",
   month = "June",
   year = 1991,
   address = "Nashville",
   organization = "",
   publisher = "",
   note = "",
}
@INPROCEEDINGS{9BLabs,
   author = "Rob Pike and Dave Presotto and Ken Thompson and  
			 Howard Trickey",
   title = "{Plan 9 from Bell Labs}",
   editor = "",
   booktitle = "Summer 1990 UKUUG Conference"  ,
   number = "",
   series = "",
   pages =  "1-9",
   month = "July",
   year = 1990,
   address = "London",
   organization = "",
   publisher = "",
   note = "",
}
@INPROCEEDINGS{9Dsys,
   author = "Dave Presotto and  Rob Pike and  Ken Thompson and 
             Howard Trickey",
   title = "{Plan 9, A Distributed System}",
   editor = "",
   booktitle = "Spring 1991 EurOpen Conference"  ,
   number = 17,
   series = "",
   pages = "43-50",
   month = "May",
   year = 1991,
   address = "Troms",
   organization =  "",
   publisher = "",
   note = "",
 }
@INPROCEEDINGS{9Mstream,
   author = "Dave Presotto",
   title = "{Multiprocessor Streams for Plan 9}",
   editor = "",
   booktitle = "Summer 1990 UKUUG Conference",
   number = "",
   series = "",
   pages =  "11-19",
   month = "July",
   year = 1990,
   address = "London",
   organization = "",
   publisher = "",
   note = "",
}
@INPROCEEDINGS{9Sleep,
   author = "Dave Presotto and  Rob Pike and  Ken Thompson and 
             Gerard Holzmann",
   title = "{Process Sleep and Wakeup on a Shared-Memory Multiprocessor}",
   editor = "",
   booktitle = "Spring 1991 EurOpen Conference"  ,
   number = "",
   series = "",
   pages = "161-166",
   month = "May",
   year = 1991,
   address = "Troms",
   organization =  "",
   publisher = "",
   note = "",
 
}
@INPROCEEDINGS{9net,
   author = "Dave Presotto and Phil Winterbottom",
   title = "{The Organization of Networks in Plan 9}",
   editor = "",
   booktitle = "USENIX Winter '93"  ,
   number = "",
   series = "",
   pages = "271-287",
   month = "",
   year = 1993,
   address = "San Diego, CA",
   organization =  "",
   publisher = "",
   note = "",
 
}
@INPROCEEDINGS{acid,
   author = "Phil Winterbottom",
   title = "{ACID: A Debugger Built From A Language}",
   editor = "",
   booktitle = "USENIX "  ,
   number = "",
   series = "",
   pages = "",
   month = "January ",
   year = 1994,
   address = "San Francisco, California",
   organization =  "",
   publisher = "",
   note = "",
 
}
@INPROCEEDINGS{alef,
   author = "Phil Winterbottom: ",
   title = "{Alef language Reference Manual}",
   editor = "",
   booktitle = "Plan 9 Programmer's Manual, Volume Two, 2nd Ed." ,
   number = "",
   series = "",
   pages = "",
   month = "",
   year = 1995,
   address = "",
   organization =  "AT \& T Bell Labs",
   publisher = "Harcourt Brace and Company",
   note = "",
}
@INPROCEEDINGS{acme,
   author = "Rob Pike ",
   title = "{Acme: A User Interface for Programmers (\texttt{http://plan9.att.com/plan9/doc/acme.html}}",
   editor = "",
   booktitle = "USENIX" ,
   number = "",
   series = "",
   pages = "",
   month = "January",
   year = 1994,
   address = "San Franciso, California",
   organization =  "",
   publisher = "",
   note = "",
}
@INPROCEEDINGS{help,
   author = "Rob Pike ",
   title = "{A minimalist Global User Interface}",
   editor = "",
   booktitle = "Graphics Interface '92" ,
   number = "",
   series = "",
   pages = "282-293",
   month = "January",
   year = 1992,
   address = "Vancouver",
   organization =  "",
   publisher = "",
   note = "",
 
}
@Article{oberon,
   author = "N. Wirth and J. Gutknecht",
   title = "{The Oberon System}",
   editor = "",
   journal = "Software - Practice and Experience" ,
   number = "9",
   volume="19",
   pages = "857-894",
   month = "Sep",
   year = 1989,
   address = "",
   organization =  "",
   publisher = "",
   note = "",
}
@INPROCEEDINGS{rc,
   author = "Tom Duff",
   title = "{Rc - A Shell for Plan 9 and UNIX Systems}",
   editor = "",
   booktitle = "Summer 1990 UKUUG Conference",
   number = "",
   series = "",
   pages = "21-33",
   month = "July",
   year = 1990,
   address = "London ",
   organization =  "",
   publisher = "",
   note = "",
}
@Article{worm,
  author = 	 "Sean Quinlan",
  title = 	 "{A Cached WORM File System}",
  OPTcrossref =  "",
  OPTkey = 	 "",
  journal = 	 "Software-Practice and Experience",
  year = 	 "1991",
  volume = 	 "21",
  number = 	 "12",
  pages = 	 "1289-1299",
  month = 	 "December",
  OPTnote = 	 "",
  OPTannote = 	 ""
}
@Misc{wilyu,
  author = 	 "Gary Capell",
  title = 	 "{Wily User Manual}",
  OPTcrossref =  "",
  OPTkey = 	 "",
  journal = 	 "",
  year = 	 "1995",
  volume = 	 "",
  number = 	 "",
  pages = 	 "",
  month = 	 "",
  OPTnote = 	 "",
  OPTannote = 	 ""
}
@TechReport{python,
  author = 	 "Guido van Rossum",
  title = 	 "{Python Tutorial}",
  institution =  "CWI",
  year = 	 "1995",
  number = 	 "CS-R9526",
  address = 	 "",
}
@TechReport{ilu,
  author = 	 "Xerox Corporation",
  title = 	 "{ILU homepage \texttt{ftp://ftp.parc.xerox.com/pub/ilu/ilu.html}}",
  institution =  "Xerox",
  year = 	 "1996",
  number = 	 "",
  address = 	 "",
}
@TechReport{corba,
  author = 	 "Object Management Group",
  title = 	 "{What is CORBA? \texttt{http://ruby.omg.org/corba.html}}",
  institution =  "OMG",
  year = 	 "1996",
  number = 	 "",
  address = 	 "",
}
